@inproceedings{dengImageNetLargescaleHierarchical2010,
title = {{{ImageNet}}: {{A}} Large-Scale Hierarchical Image Database},
author = {Deng, Jia and Dong, Wei and Socher, Richard and Li, Li-Jia and Kai Li and Li Fei-Fei},
date = {2010},
doi = {10.1109/cvpr.2009.5206848}
}
@article{simonyanVeryDeepConvolutional2015,
title = {Very {{Deep Convolutional Networks}} for {{Large}}-{{Scale Image Recognition}}},
author = {Simonyan, Karen and Zisserman, Andrew},
date = {2015-04-10},
url = {http://arxiv.org/abs/1409.1556},
urldate = {2020-02-29},
archivePrefix = {arXiv},
eprint = {1409.1556},
eprinttype = {arxiv},
keywords = {Computer Science - Computer Vision and Pattern Recognition},
primaryClass = {cs}
}
@article{yuFeiJiZongTiDuoXueKeSheJiYouHuaDeXianZhuangYuFaZhanFangXiang2008,
  title = {飞机总体多学科设计优化的现状与发展方向},
  author = {余, 雄庆},
  date = {2008},
  journaltitle = {南京航空航天大学学报},
  pages = {417--426},
  issn = {1005-2615},
  url = {http://kns.cnki.net/kcms/detail/detail.aspx?filename=NJHK200804000&dbcode=CJFQ&dbname=CJFD2008&v=},
  urldate = {2020-02-29},
  keywords = {aircraft design,multidisciplinary design optimization,optimization,优化,多学科设计优化,飞行器设计},
  langid = {中文;},
  number = {04}
}
